%% This BibTeX bibliography file was created using BibDesk.
%% https://bibdesk.sourceforge.io/

%% Created for Karthik P N at 2021-06-04 18:15:35 +0530 


%% Saved with string encoding Unicode (UTF-8) 

@inproceedings{moulos2019optimal,
	author = {Moulos, Vrettos},
	booktitle = {Advances in {N}eural {I}nformation {P}rocessing {S}ystems},
	pages = {5606--5615},
	title = {Optimal Best {M}arkovian {A}rm {I}dentification with {F}ixed {C}onfidence},
	year = {2019}}

@article{zhao2007survey,
	author = {Zhao, Qing and Sadler, Brian M},
	journal = {IEEE {S}ignal {P}rocessing {M}agazine},
	number = {3},
	pages = {79--89},
	publisher = {IEEE},
	title = {A {S}urvey of {D}ynamic {S}pectrum {A}ccess},
	volume = {24},
	year = {2007}}

@article{krueger2017evidence,
	author = {Krueger, Paul M and van Vugt, Marieke K and Simen, Patrick and Nystrom, Leigh and Holmes, Philip and Cohen, Jonathan D},
	journal = {Journal of {N}euroscience {M}ethods},
	pages = {21--32},
	publisher = {Elsevier},
	title = {Evidence {A}ccumulation {D}etected in {B}{O}{L}{D} {S}ignal {U}sing {S}low {P}erceptual {D}ecision {M}aking},
	volume = {281},
	year = {2017}}

@article{sripati2010global,
	author = {Sripati, Arun P and Olson, Carl R},
	journal = {Journal of {N}euroscience},
	number = {4},
	pages = {1258--1269},
	publisher = {Soc {N}euroscience},
	title = {Global {I}mage {D}issimilarity in {M}acaque {I}nferotemporal {C}ortex {P}redicts {H}uman {V}isual {S}earch {E}fficiency},
	volume = {30},
	year = {2010}}

@article{Gittins1979,
	author = {Gittins, John C},
	journal = {Journal of the {R}oyal {S}tatistical {S}ociety. {S}eries {B} ({M}ethodological)},
	owner = {Karthik},
	pages = {148--177},
	timestamp = {2018.04.25},
	title = {Bandit {P}rocesses and {D}ynamic {A}llocation {I}ndices},
	year = {1979}}

@article{Moustakides1999,
	author = {Moustakides, George V},
	journal = {Journal of {A}pplied {P}robability},
	number = {1},
	owner = {Karthik},
	pages = {48--59},
	timestamp = {2018.04.23},
	title = {Extension of {W}ald's {F}irst {L}emma to {M}arkov {P}rocesses},
	volume = {36},
	year = {1999}}

@article{Vaidhiyan2017,
	author = {Vaidhiyan, Nidhin Koshy and Arun, S. P. and Sundaresan, Rajesh},
	journal = {IEEE {T}ransactions on {I}nformation {T}heory},
	number = {8},
	owner = {Karthik},
	pages = {4778--4796},
	timestamp = {2018.04.19},
	title = {Neural {D}issimilarity {I}ndices that {P}redict {O}ddball {D}etection in {B}ehaviour},
	volume = {63},
	year = {2017}}

@article{Whittle1988,
	author = {Whittle, Peter},
	journal = {Journal of {A}pplied {P}robability},
	number = {A},
	owner = {Karthik},
	pages = {287--298},
	timestamp = {2018.04.19},
	title = {Restless {B}andits: {A}ctivity {A}llocation in a {C}hanging {W}orld},
	volume = {25},
	year = {1988}}

@article{Chernoff1959,
	author = {Chernoff, Herman},
	journal = {The {A}nnals of {M}athematical {S}tatistics},
	number = {3},
	pages = {755--770},
	title = {Sequential {D}esign of {E}xperiments},
	volume = {30},
	year = {1959}}

@article{robbins1952some,
	author = {Robbins, Herbert},
	journal = {Bulletin of the {A}merican {M}athematical {S}ociety},
	number = {5},
	pages = {527--535},
	publisher = {Citeseer},
	title = {Some {A}spects of the {S}equential {D}esign of {E}xperiments},
	volume = {58},
	year = {1952}}

@article{anantharam1987asymptotically,
	author = {Anantharam, Venkatachalam and Varaiya, Pravin and Walrand, Jean},
	journal = {IEEE {T}ransactions on {A}utomatic {C}ontrol},
	number = {11},
	pages = {977--982},
	publisher = {IEEE},
	title = {Asymptotically {E}fficient {A}llocation {R}ules for the {M}ultiarmed {B}andit {P}roblem with {M}ultiple {P}lays-{P}art {I}{I}: {M}arkovian {R}ewards},
	volume = {32},
	year = {1987}}

@article{auer2002finite,
	author = {Auer, Peter and Cesa-Bianchi, Nicolo and Fischer, Paul},
	journal = {Journal of {M}achine {L}earning},
	number = {2-3},
	pages = {235--256},
	publisher = {Springer},
	title = {Finite-{T}ime {A}nalysis of the {M}ultiarmed {B}andit {P}roblem},
	volume = {47},
	year = {2002}}

@article{gittins1979bandit,
	author = {Gittins, John C},
	journal = {Journal of the {R}oyal {S}tatistical {S}ociety. {S}eries {B} ({M}ethodological)},
	pages = {148--177},
	publisher = {JSTOR},
	title = {Bandit {P}rocesses and {D}ynamic {A}llocation {I}ndices},
	year = {1979}}

@book{gittins2011multi,
	author = {Gittins, John and Glazebrook, Kevin and Weber, Richard},
	publisher = {John {W}iley \& {S}ons},
	title = {Multi-{A}rmed {B}andit {A}llocation {I}ndices},
	year = {2011}}

@article{lai1985asymptotically,
	author = {Lai, Tze Leung and Robbins, Herbert},
	journal = {Advances in {A}pplied {M}athematics},
	number = {1},
	pages = {4--22},
	publisher = {Academic Press},
	title = {Asymptotically {E}fficient {A}daptive {A}llocation {R}ules},
	volume = {6},
	year = {1985}}

@article{agrawal1989asymptotically,
	author = {Agrawal, Rajeev and Teneketzis, Demosthenis and Anantharam, Venkatachalam},
	journal = {IEEE {T}ransactions on {A}utomatic {C}ontrol},
	number = {12},
	pages = {1249--1259},
	publisher = {IEEE},
	title = {Asymptotically {E}fficient {A}daptive {A}llocation {S}chemes for {C}ontrolled {M}arkov {C}hains: {F}inite {P}arameter {S}pace},
	volume = {34},
	year = {1989}}

@article{agrawal1988asymptotically,
	author = {Agrawal, Rajeev and Hedge, MV and Teneketzis, Demosthenis},
	journal = {IEEE {T}ransactions on {A}utomatic {C}ontrol},
	number = {10},
	pages = {899--906},
	publisher = {IEEE},
	title = {Asymptotically {E}fficient {A}daptive {A}llocation {R}ules for the {M}ultiarmed {B}andit {P}roblem with {S}witching {C}ost},
	volume = {33},
	year = {1988}}

@article{tekin2012online,
	author = {Tekin, Cem and Liu, Mingyan},
	journal = {IEEE {T}ransactions on {I}nformation {T}heory},
	number = {8},
	pages = {5588--5611},
	publisher = {IEEE},
	title = {Online {L}earning of {R}ested and {R}estless {B}andits},
	volume = {58},
	year = {2012}}

@article{liu2013learning,
	author = {Liu, Haoyang and Liu, Keqin and Zhao, Qing and others},
	journal = {IEEE {T}ransactions on {I}nformation {T}heory},
	number = {3},
	pages = {1902--1916},
	title = {Learning in a {C}hanging {W}orld: {R}estless {M}ulti-{A}rmed {B}andit with {U}nknown {D}ynamics},
	volume = {59},
	year = {2013}}


@article{wald1944cumulative,
	author = {Wald, Abraham},
	journal = {The {A}nnals of {M}athematical {S}tatistics},
	number = {3},
	pages = {283--296},
	publisher = {JSTOR},
	title = {On {C}umulative {S}ums of {R}andom {V}ariables},
	volume = {15},
	year = {1944}}

@article{kaufmann2016complexity,
	author = {Kaufmann, Emilie and Capp{\'e}, Olivier and Garivier, Aur{\'e}lien},
	journal = {The {J}ournal of {M}achine {L}earning {R}esearch},
	number = {1},
	pages = {1--42},
	publisher = {JMLR. org},
	title = {On the {C}omplexity of {B}est-{A}rm {I}dentification in {M}ulti-{A}rmed {B}andit {M}odels},
	volume = {17},
	year = {2016}}

@article{Victor1999,
	author = {Victor, H.},
	journal = {The {A}nnals of {P}robability},
	number = {1},
	pages = {537--564},
	title = {A {G}eneral {C}lass of {E}xponential {I}nequalities for {M}artingales and {R}atios},
	volume = {27},
	year = {1999}}

@book{AmirDembo2009,
	author = {Dembo, Amir and Zeitouni, Ofer},
	isbn = {9783642033117},
	publisher = {Springer {S}cience \& {B}usiness {M}edia,},
	title = {Large {D}eviations {T}echniques and {A}pplications},
	volume = {38},
	year = {2009}}

@article{Ausubel1993,
	author = {Ausubel, Lawrence M. and Deneckere, Raymond J.},
	journal = {Economic {T}heory},
	number = {1},
	pages = {99--107},
	title = {A {G}eneralized {T}heorem of the {M}aximum},
	volume = {3},
	year = {1993}}

@article{prabhu2017learning,
	title={Learning to {D}etect an {O}ddball {T}arget with {O}bservations from an {E}xponential {F}amily},
	author={Prabhu, Gayathri R and Bhashyam, Srikrishna and Gopalan, Aditya and Sundaresan, Rajesh},
	journal={arXiv preprint arXiv:1712.03682},
	year={2017}
}

@inproceedings{garivier2016optimal,
	author = {Garivier, Aur{\'e}lien and Kaufmann, Emilie},
	booktitle = {Conference on {L}earning {T}heory},
	pages = {998--1027},
	title = {Optimal {B}est {A}rm {I}dentification with {F}ixed {C}onfidence},
	year = {2016}}

@article{albert1961sequential,
	author = {Albert, Arthur E.},
	journal = {The {A}nnals of {M}athematical {S}tatistics},
	pages = {774--799},
	publisher = {JSTOR},
	title = {The {S}equential {D}esign of {E}xperiments for {I}nfinitely {M}any {S}tates of {N}ature},
	year = {1961}}

@inproceedings{naghshvar2011performance,
	author = {Naghshvar, Mohammad and Javidi, Tara},
	booktitle = {Information Theory Proceedings (ISIT), 2011 IEEE International Symposium on},
	organization = {IEEE},
	pages = {2666--2670},
	title = {Performance {B}ounds for {A}ctive {S}equential {H}ypothesis {T}esting},
	year = {2011}}

@article{cohen2015active,
	author = {Cohen, Kobi and Zhao, Qing},
	journal = {IEEE Transactions on Information Theory},
	number = {3},
	pages = {1432--1450},
	publisher = {IEEE},
	title = {Active {H}ypothesis {T}esting for {A}nomaly {D}etection},
	volume = {61},
	year = {2015}}

@article{nitinawarat2017,
	author = {Nitinawarat, Sirin and Veeravalli, Venugopal V.},
	fjournal = {Bernoulli},
	journal = {Bernoulli},
	month = {08},
	number = {3},
	pages = {1759--1783},
	publisher = {Bernoulli Society for Mathematical Statistics and Probability},
	title = {Universal {S}cheme for {O}ptimal {S}earch and {S}top},
	volume = {23},
	year = {2017}}

@inproceedings{hemo2016asymptotically,
	author = {Hemo, Bar and Cohen, Kobi and Zhao, Qing},
	booktitle = {Signal Processing and Information Technology (ISSPIT), 2016 IEEE International Symposium on},
	organization = {IEEE},
	pages = {75--80},
	title = {Asymptotically {O}ptimal {S}earch of {U}nknown {A}nomalies},
	year = {2016}}

@misc{pnkarthik2019learning,
	archiveprefix = {arXiv},
	author = {Karthik, P. N. and Sundaresan, Rajesh},
	eprint = {1904.11361},
	primaryclass = {cs.IT},
	title = {Learning to {D}etect an {O}dd {M}arkov Arm},
	url = {https://arxiv.org/abs/1904.11361},
	year = {2019},
	Bdsk-Url-1 = {https://arxiv.org/abs/1904.11361}}

@inproceedings{naghshvar2010active,
	author = {Naghshvar, Mohammad and Javidi, Tara},
	booktitle = {2010 IEEE International Symposium on Information Theory},
	organization = {IEEE},
	pages = {1623--1627},
	title = {Active {M}-ary {S}equential {H}ypothesis {T}esting},
	year = {2010}}

@article{naghshvar2013active,
	author = {Naghshvar, Mohammad and Javidi, Tara and others},
	journal = {The Annals of Statistics},
	number = {6},
	pages = {2703--2738},
	publisher = {Institute of Mathematical Statistics},
	title = {Active {S}equential {H}ypothesis {T}esting},
	volume = {41},
	year = {2013}}

@inproceedings{naghshvar2010information,
	author = {Naghshvar, Mohammad and Javidi, Tara},
	booktitle = {2010 48th Annual Allerton Conference on Communication, Control, and Computing (Allerton)},
	organization = {IEEE},
	pages = {123--129},
	title = {Information {U}tility in {A}ctive {S}equential {H}ypothesis {T}esting},
	year = {2010}}

@inproceedings{Naghshvar2011,
	author = {Naghshvar, Mohammad and Javidi, Tara},
	booktitle = {2011 IEEE International Symposium on Information Theory Proceedings},
	organization = {IEEE},
	pages = {2666--2670},
	title = {Performance {B}ounds for {A}ctive {S}equential {H}ypothesis {T}esting},
	year = {2011}}

@article{naghshvar2013sequentiality,
	author = {Naghshvar, Mohammad and Javidi, Tara},
	journal = {IEEE Journal of Selected Topics in Signal Processing},
	number = {5},
	pages = {768--782},
	publisher = {IEEE},
	title = {Sequentiality and {A}daptivity {G}ains in {A}ctive {H}ypothesis {T}esting},
	volume = {7},
	year = {2013}}

@article{cohen2015asymptotically,
	author = {Cohen, Kobi and Zhao, Qing},
	journal = {IEEE Transactions on Signal Processing},
	number = {11},
	pages = {2929--2941},
	publisher = {IEEE},
	title = {Asymptotically {O}ptimal {A}nomaly {D}etection via {S}equential {T}esting},
	volume = {63},
	year = {2015}}

@article{Bubeck2011,
	acmid = {1960195},
	address = {Essex, UK},
	author = {Bubeck, S{\'e}bastien and Munos, R{\'e}mi and Stoltz, Gilles},
	doi = {10.1016/j.tcs.2010.12.059},
	issn = {0304-3975},
	issue_date = {April, 2011},
	journal = {Theor. Comput. Sci.},
	keywords = {Continuous-{A}rmed {B}andits, {E}fficient {E}xploration, {M}ulti-{A}rmed {B}andits, {S}imple {R}egret},
	month = apr,
	number = {19},
	numpages = {21},
	pages = {1832--1852},
	publisher = {Elsevier Science Publishers Ltd.},
	title = {Pure {E}xploration in {F}initely-armed and {C}ontinuous-armed {B}andits},
	url = {http://dx.doi.org/10.1016/j.tcs.2010.12.059},
	volume = {412},
	year = {2011},
	Bdsk-Url-1 = {http://dx.doi.org/10.1016/j.tcs.2010.12.059}}

@book{csiszar2011information,
	author = {Csiszar, Imre and K{\"o}rner, J{\'a}nos},
	publisher = {Cambridge University Press},
	title = {Information {T}heory: {C}oding {T}heorems for {D}iscrete {M}emoryless {S}ystems},
	year = {2011}}

@article{prabhu2020sequential,
	author = {Prabhu, Gayathri R and Bhashyam, Srikrishna and Gopalan, Aditya and Sundaresan, Rajesh},
	journal = {arXiv preprint arXiv:2007.12961},
	title = {Sequential {M}ulti-{H}ypothesis {T}esting in {M}ulti-{A}rmed {B}andit {P}roblems: {A}n {A}pproach for {A}symptotic {O}ptimality},
	year = {2020}}

@article{johnston2006opportunistic,
	author = {Johnston, Leigh A and Krishnamurthy, Vikram},
	journal = {IEEE Transactions on Wireless Communications},
	number = {2},
	pages = {394--405},
	publisher = {IEEE},
	title = {Opportunistic {F}ile {T}ransfer over a {F}ading {C}hannel: A {P}{O}{M}{D}{P} {S}earch {T}heory {F}ormulation with {O}ptimal {T}hreshold {P}olicies},
	volume = {5},
	year = {2006}}

@article{deshmukh2019sequential,
	title={Sequential {C}ontrolled {S}ensing for {C}omposite {M}ultihypothesis {T}esting},
	author={Deshmukh, Aditya and Veeravalli, Venugopal V and Bhashyam, Srikrishna},
	journal={Sequential Analysis},
	pages={1--38},
	year={2021},
	publisher={Taylor \& Francis}
}

@inproceedings{deshmukh2018controlled,
	author = {Deshmukh, Aditya and Bhashyam, Srikrishna and Veeravalli, Venugopal V},
	booktitle = {2018 52nd Asilomar Conference on Signals, Systems, and Computers},
	organization = {IEEE},
	pages = {2109--2113},
	title = {Controlled {S}ensing for {C}omposite {M}ultihypothesis {T}esting with {A}pplication to {A}nomaly {D}etection},
	year = {2018}}

@article{zorzi1998error,
	author = {Zorzi, Michele and Rao, Ramesh R and Milstein, Laurence B},
	journal = {IEEE Transactions on Communications},
	number = {11},
	pages = {1468--1477},
	publisher = {IEEE},
	title = {Error {S}tatistics in {D}ata {T}ransmission over {F}ading {C}hannels},
	volume = {46},
	year = {1998}}

@article{zhao2008myopic,
	author = {Zhao, Qing and Krishnamachari, Bhaskar and Liu, Keqin},
	journal = {IEEE Transactions on Wireless Communications},
	number = {12},
	pages = {5431--5440},
	publisher = {IEEE},
	title = {On {M}yopic {S}ensing for {M}ulti-{C}hannel {O}pportunistic {A}ccess: {S}tructure, {O}ptimality, and {P}erformance},
	volume = {7},
	year = {2008}}

@misc{avrachenkov2020whittle,
	author = {Avrachenkov, Konstantin and Borkar, Vivek S},
	date-added = {2020-07-24 20:04:46 +0530},
	date-modified = {2020-07-25 11:43:09 +0530},
	journal = {arXiv preprint},
	read = {0},
	title = {Whittle {I}ndex {B}ased {Q}-{L}earning for {R}estless {B}andits with {A}verage {R}eward},
	url = {https://arxiv.org/abs/2004.14427},
	year = {2020},
	Bdsk-Url-1 = {https://arxiv.org/abs/2004.14427}}

@book{fleming2012stochastic,
	author = {Fleming, Wendell and Lions, Pierre-Louis},
	publisher = {Springer Science \& Business Media},
	title = {Stochastic {D}ifferential {S}ystems, {S}tochastic {C}ontrol {T}heory and {A}pplications: {P}roceedings of a {W}orkshop, held at IMA, June 9-19, 1986},
	volume = {10},
	year = {2012}}

@book{puterman2014markov,
	author = {Puterman, Martin L},
	publisher = {John Wiley \& Sons},
	title = {Markov {D}ecision {P}rocesses: {D}iscrete {S}tochastic {D}ynamic {P}rogramming},
	year = {2014}}

@article{grunewalder2019approximations,
	author = {Gr{\"u}new{\"a}lder, Steffen and Khaleghi, Azadeh},
	journal = {The Journal of Machine Learning Research},
	number = {1},
	pages = {514--550},
	publisher = {JMLR. org},
	title = {Approximations of the {R}estless {B}andit {P}roblem},
	volume = {20},
	year = {2019}}

@article{liu2012learning,
	author = {Liu, Haoyang and Liu, Keqin and Zhao, Qing},
	journal = {IEEE Transactions on Information Theory},
	number = {3},
	pages = {1902--1916},
	publisher = {IEEE},
	title = {Learning in a {C}hanging {W}orld: {R}estless {M}ultiarmed {B}andit with {U}nknown {D}ynamics},
	volume = {59},
	year = {2012}}

@inproceedings{ortner2012regret,
	author = {Ortner, Ronald and Ryabko, Daniil and Auer, Peter and Munos, R{\'e}mi},
	booktitle = {International Conference on Algorithmic Learning Theory},
	organization = {Springer},
	pages = {214--228},
	title = {Regret {B}ounds for {R}estless {M}arkov {B}andits},
	year = {2012}}

@article{guha2010approximation,
	author = {Guha, Sudipto and Munagala, Kamesh and Shi, Peng},
	journal = {Journal of the ACM (JACM)},
	number = {1},
	pages = {1--50},
	publisher = {ACM New York, NY, USA},
	title = {Approximation {A}lgorithms for {R}estless {B}andit {P}roblems},
	volume = {58},
	year = {2010}}

@article{milgrom2002envelope,
	author = {Milgrom, Paul and Segal, Ilya},
	journal = {Econometrica},
	number = {2},
	pages = {583--601},
	publisher = {Wiley Online Library},
	title = {Envelope {T}heorems for {A}rbitrary {C}hoice {S}ets},
	volume = {70},
	year = {2002}}

@inproceedings{kontoyiannis2005relative,
	author = {Kontoyiannis, Ioannis and Lastras-Monta{\~n}o, Luis Alfonso and Meyn, Sean P},
	booktitle = {Proceedings. International Symposium on Information Theory, 2005. ISIT 2005.},
	organization = {IEEE},
	pages = {1563--1567},
	title = {Relative {E}ntropy and {E}xponential {D}eviation {B}ounds for {G}eneral {M}arkov {C}hains},
	year = {2005}}

@book{meyn2012markov,
	author = {Meyn, Sean P and Tweedie, Richard L},
	publisher = {Springer Science \& Business Media},
	title = {Markov {C}hains and {S}tochastic {S}tability},
	year = {2012}}

@article{lezaud1998chernoff,
	author = {Lezaud, Pascal},
	journal = {Annals of Applied Probability},
	pages = {849--867},
	publisher = {JSTOR},
	title = {Chernoff-{T}ype {B}ound for {F}inite {M}arkov {C}hains},
	year = {1998}}

@inproceedings{moulos2019optimal,
	author = {Moulos, Vrettos},
	booktitle = {Advances in Neural Information Processing Systems},
	pages = {5606--5615},
	title = {Optimal Best {M}arkovian {A}rm {I}dentification with {F}ixed {C}onfidence},
	year = {2019}}

@techreport{zhao2007survey,
	author = {Zhao, Qing and Swami, Ananthram},
	institution = {California Univ Davis Dept of Electrical and Computer Engineering},
	title = {A {S}urvey of {D}ynamic {S}pectrum {A}ccess: {S}ignal {P}rocessing and {N}etworking {P}erspectives},
	year = {2007}}


@article{vaidhiyan2017learning,
	author = {Vaidhiyan, Nidhin Koshy and Sundaresan, Rajesh},
	journal = {IEEE Transactions on Information Theory},
	number = {2},
	pages = {831--852},
	publisher = {IEEE},
	title = {Learning to {D}etect an {O}ddball {T}arget},
	volume = {64},
	year = {2017}}

@article{whittle1988restless,
	author = {Whittle, Peter},
	journal = {Journal of applied probability},
	number = {A},
	pages = {287--298},
	publisher = {Cambridge University Press},
	title = {Restless {B}andits: {A}ctivity {A}llocation in a {C}hanging {W}orld},
	volume = {25},
	year = {1988}}

@book{levin2017markov,
	author = {Levin, David A and Peres, Yuval},
	publisher = {American Mathematical Soc.},
	title = {Markov {C}hains and {M}ixing {T}imes},
	volume = {107},
	year = {2017}}

@incollection{borkar1988control,
	author = {Borkar, Vivek S},
	booktitle = {Stochastic Differential Systems, Stochastic Control Theory and Applications},
	pages = {57--77},
	publisher = {Springer},
	title = {Control of {M}arkov {C}hains with {L}ong-{R}un {A}verage {C}ost {C}riterion},
	year = {1988}}

@book{bremaud2013markov,
	author = {Br{\'e}maud, Pierre},
	publisher = {Springer Science \& Business Media},
	title = {Markov {C}hains: {G}ibbs {F}ields, {M}onte {C}arlo {S}imulation, and {Q}ueues},
	volume = {31},
	year = {2013}}

@article{Gittins1979,
	author = {Gittins, John C},
	journal = {Journal of the Royal Statistical Society. Series B (Methodological)},
	owner = {Karthik},
	pages = {148--177},
	timestamp = {2018.04.25},
	title = {Bandit {P}rocesses and {D}ynamic {A}llocation {I}ndices},
	year = {1979}}

@article{Kaufmann2016,
	author = {Kaufmann, Emilie and Capp{\'e}, Olivier and Garivier, Aur{\'e}lien},
	journal = {The Journal of Machine Learning Research},
	number = {1},
	owner = {Karthik},
	pages = {1--42},
	timestamp = {2018.04.20},
	title = {On the {C}omplexity of {B}est-{A}rm {I}dentification in {M}ulti-{A}rmed {B}andit {M}odels},
	volume = {17},
	year = {2016}}

@article{Moustakides1999,
	author = {Moustakides, George V},
	journal = {Journal of applied probability},
	number = {1},
	owner = {Karthik},
	pages = {48--59},
	timestamp = {2018.04.23},
	title = {Extension of {W}ald's {F}irst {L}emma to {M}arkov {P}rocesses},
	volume = {36},
	year = {1999}}

@article{Whittle1988,
	author = {Whittle, Peter},
	journal = {Journal of applied probability},
	number = {A},
	owner = {Karthik},
	pages = {287--298},
	timestamp = {2018.04.19},
	title = {Restless bandits: Activity allocation in a changing world},
	volume = {25},
	year = {1988}}

@article{Chernoff1959,
	author = {Chernoff, Herman},
	journal = {The Annals of Mathematical Statistics},
	number = {3},
	pages = {755--770},
	title = {Sequential design of experiments},
	volume = {30},
	year = {1959}}

@incollection{Robbins1985,
	author = {Robbins, Herbert},
	booktitle = {Herbert Robbins Selected Papers},
	pages = {169--177},
	publisher = {Springer},
	title = {Some aspects of the sequential design of experiments},
	year = {1985}}

@article{auer2002finite,
	author = {Auer, Peter and Cesa-Bianchi, Nicolo and Fischer, Paul},
	journal = {Machine learning},
	number = {2-3},
	pages = {235--256},
	publisher = {Springer},
	title = {Finite-time analysis of the multiarmed bandit problem},
	volume = {47},
	year = {2002}}

@article{gittins1979bandit,
	author = {Gittins, John C},
	journal = {Journal of the Royal Statistical Society. Series B (Methodological)},
	pages = {148--177},
	publisher = {JSTOR},
	title = {Bandit processes and dynamic allocation indices},
	year = {1979}}

@article{prabhu2017optimal,
	author = {Prabhu, Gayathri R and Bhashyam, Srikrishna and Gopalan, Aditya and Sundaresan, Rajesh},
	journal = {arXiv preprint arXiv:1712.03682},
	title = {Optimal {O}dd {A}rm {I}dentification with {F}ixed {C}onfidence},
	year = {2017}}

@article{Bubeck2011,
	acmid = {1960195},
	address = {Essex, UK},
	author = {Bubeck, S{\'e}bastien and Munos, R{\'e}mi and Stoltz, Gilles},
	doi = {10.1016/j.tcs.2010.12.059},
	issn = {0304-3975},
	issue_date = {April, 2011},
	journal = {Theor. Comput. Sci.},
	keywords = {Continuous-armed bandits, Efficient exploration, Multi-armed bandits, Simple regret},
	month = apr,
	number = {19},
	numpages = {21},
	pages = {1832--1852},
	publisher = {Elsevier Science Publishers Ltd.},
	title = {Pure {E}xploration in {F}initely-armed and {C}ontinuous-armed {B}andits},
	url = {http://dx.doi.org/10.1016/j.tcs.2010.12.059},
	volume = {412},
	year = {2011},
	Bdsk-Url-1 = {http://dx.doi.org/10.1016/j.tcs.2010.12.059}}

@article{kumar1985survey,
	author = {Kumar, Panqanamala Ramana},
	journal = {SIAM Journal on Control and Optimization},
	number = {3},
	pages = {329--380},
	publisher = {SIAM},
	title = {A {S}urvey of {S}ome {R}esults in {S}tochastic {A}daptive {C}ontrol},
	volume = {23},
	year = {1985}}

@article{doshi1980strong,
	author = {Doshi, Bharat and Shreve, Steven E},
	journal = {Journal of Applied Probability},
	pages = {726--734},
	publisher = {JSTOR},
	title = {Strong {C}onsistency of a {M}odified {M}aximum {L}ikelihood {E}stimator for {C}ontrolled {M}arkov {C}hains},
	year = {1980}}

@book{wittenmark2016asymptotic,
	author = {Wittenmark, Bj{\''o}rn and Ljung, Lennart},
	publisher = {Department of Automatic Control, Lund Institute of Technology (LTH)},
	title = {Asymptotic Properties of Self-Tuning Regulators},
	year = {2016}}

@article{aastrom1973self,
	author = {{\AA}str{\"o}m, Karl Johan and Wittenmark, Bj{\"o}rn},
	journal = {Automatica},
	number = {2},
	pages = {185--199},
	publisher = {Elsevier},
	title = {On {S}elf {T}uning {R}egulators},
	volume = {9},
	year = {1973}}

@article{ausubel1993generalized,
	author = {Ausubel, Lawrence M and Deneckere, Raymond J},
	journal = {Economic Theory},
	number = {1},
	pages = {99--107},
	publisher = {Springer},
	title = {A {G}eneralized {T}heorem of the {M}aximum},
	volume = {3},
	year = {1993}}

@book{boucheron2013concentration,
	author = {Boucheron, St{\'e}phane and Lugosi, G{\'a}bor and Massart, Pascal},
	publisher = {Oxford {U}niversity {P}ress},
	title = {Concentration {I}nequalities: {A} {N}onasymptotic {T}heory of {I}ndependence},
	year = {2013}}

@book{chow2012probability,
	author = {Chow, Yuan Shih and Teicher, Henry},
	publisher = {Springer Science \& Business Media},
	title = {Probability {T}heory: {I}ndependence, {I}nterchangeability, {M}artingales},
	year = {2012}}

@misc{dembo2009and,
	author = {Dembo, A},
	publisher = {Springer Science \& Business Media},
	title = {and Zeitouni, O., 2009. Large deviations techniques and applications. Vol. 38},
	year = {2009}}

@book{munkres2000topology,
	author = {Munkres, J.R.},
	isbn = {9780131816299},
	lccn = {99052942},
	publisher = {Prentice Hall, Incorporated},
	series = {Featured Titles for Topology},
	title = {Topology},
	url = {https://books.google.co.in/books?id=XjoZAQAAIAAJ},
	year = {2000},
	Bdsk-Url-1 = {https://books.google.co.in/books?id=XjoZAQAAIAAJ}}

@article{federgruen1978note,
	author = {Federgruen, Awi and Hordijk, Arie and Tijms, Hendrik Cornelis},
	journal = {Journal of Applied Probability},
	pages = {842--847},
	publisher = {JSTOR},
	title = {A {N}ote on {S}imultaneous {R}ecurrence {C}onditions on a {S}et of {D}enumerable {S}tochastic {M}atrices},
	year = {1978}}

@article{borkar1982identification,
	author = {Borkar, Vivek and Varaiya, Pravin},
	journal = {SIAM Journal on Control and Optimization},
	number = {4},
	pages = {470--489},
	publisher = {SIAM},
	title = {Identification and {A}daptive {C}ontrol of {M}arkov {C}hains},
	volume = {20},
	year = {1982}}

@article{borkar1979adaptive,
	author = {Borkar, Vivek and Varaiya, P},
	journal = {IEEE Transactions on Automatic Control},
	number = {6},
	pages = {953--957},
	publisher = {IEEE},
	title = {Adaptive {C}ontrol of {M}arkov {C}hains {I}: {F}inite {P}arameter {S}et},
	volume = {24},
	year = {1979}}

@article{mandl1974estimation,
	author = {Mandl, P},
	journal = {Advances in Applied Probability},
	pages = {40--60},
	publisher = {JSTOR},
	title = {Estimation and {C}ontrol in {M}arkov {C}hains},
	year = {1974}}

@article{prabhu2020sequential,
	author = {Prabhu, Gayathri R and Bhashyam, Srikrishna and Gopalan, Aditya and Sundaresan, Rajesh},
	journal = {arXiv preprint arXiv:2007.12961},
	title = {Sequential Multi-hypothesis Testing in Multi-armed Bandit Problems: An Approach for Asymptotic Optimality},
	year = {2020}}

@article{johnston2006opportunistic,
	author = {Johnston, Leigh A and Krishnamurthy, Vikram},
	journal = {IEEE Transactions on Wireless Communications},
	number = {2},
	pages = {394--405},
	publisher = {IEEE},
	title = {Opportunistic file transfer over a fading channel: A POMDP search theory formulation with optimal threshold policies},
	volume = {5},
	year = {2006}}


@inproceedings{deshmukh2018controlled,
	author = {Deshmukh, Aditya and Bhashyam, Srikrishna and Veeravalli, Venugopal V},
	booktitle = {2018 52nd Asilomar Conference on Signals, Systems, and Computers},
	organization = {IEEE},
	pages = {2109--2113},
	title = {Controlled Sensing for Composite Multihypothesis Testing with Application to Anomaly Detection},
	year = {2018}}

@article{zorzi1998error,
	author = {Zorzi, Michele and Rao, Ramesh R and Milstein, Laurence B},
	journal = {IEEE transactions on communications},
	number = {11},
	pages = {1468--1477},
	publisher = {IEEE},
	title = {Error statistics in data transmission over fading channels},
	volume = {46},
	year = {1998}}

@article{zhao2008myopic,
	author = {Zhao, Qing and Krishnamachari, Bhaskar and Liu, Keqin},
	journal = {IEEE Transactions on Wireless Communications},
	number = {12},
	pages = {5431--5440},
	publisher = {IEEE},
	title = {On myopic sensing for multi-channel opportunistic access: structure, optimality, and performance},
	volume = {7},
	year = {2008}}

@article{sripati2010global,
	author = {Sripati, Arun P and Olson, Carl R},
	date-added = {2020-06-06 11:52:19 +0530},
	date-modified = {2020-06-06 11:55:38 +0530},
	journal = {Journal of Neuroscience},
	number = {4},
	pages = {1258--1269},
	read = {0},
	title = {Global image dissimilarity in macaque inferotemporal cortex predicts human visual search efficiency},
	volume = {30},
	year = {2010}}

@book{puterman2014markov,
	author = {Puterman, Martin L},
	publisher = {John Wiley \& Sons},
	title = {Markov decision processes: discrete stochastic dynamic programming},
	year = {2014}}

@article{liu2012learning,
	author = {Liu, Haoyang and Liu, Keqin and Zhao, Qing},
	journal = {IEEE Transactions on Information Theory},
	number = {3},
	pages = {1902--1916},
	publisher = {IEEE},
	title = {Learning in a changing world: Restless multiarmed bandit with unknown dynamics},
	volume = {59},
	year = {2012}}

@inproceedings{ortner2012regret,
	author = {Ortner, Ronald and Ryabko, Daniil and Auer, Peter and Munos, R{\'e}mi},
	booktitle = {International Conference on Algorithmic Learning Theory},
	organization = {Springer},
	pages = {214--228},
	title = {Regret bounds for restless {M}arkov bandits},
	year = {2012}}

@article{milgrom2002envelope,
	author = {Milgrom, Paul and Segal, Ilya},
	journal = {Econometrica},
	number = {2},
	pages = {583--601},
	publisher = {Wiley Online Library},
	title = {Envelope theorems for arbitrary choice sets},
	volume = {70},
	year = {2002}}

@inproceedings{kontoyiannis2005relative,
	author = {Kontoyiannis, Ioannis and Lastras-Monta{\~n}o, Luis Alfonso and Meyn, Sean P},
	booktitle = {Proceedings. International Symposium on Information Theory, 2005. ISIT 2005.},
	organization = {IEEE},
	pages = {1563--1567},
	title = {Relative entropy and exponential deviation bounds for general {M}arkov chains},
	year = {2005}}

@book{meyn2012markov,
	author = {Meyn, Sean P and Tweedie, Richard L},
	publisher = {Springer Science \& Business Media},
	title = {Markov chains and stochastic stability},
	year = {2012}}

@article{lezaud1998chernoff,
	author = {Lezaud, Pascal},
	journal = {Annals of Applied Probability},
	pages = {849--867},
	publisher = {JSTOR},
	title = {Chernoff-type bound for finite {M}arkov chains},
	year = {1998}}

@inproceedings{moulos2019optimal,
	author = {Moulos, Vrettos},
	booktitle = {Advances in Neural Information Processing Systems},
	pages = {5606--5615},
	title = {Optimal Best {M}arkovian Arm Identification with Fixed Confidence},
	year = {2019}}

@inproceedings{kumar2019sequential,
	author = {Kumar, Kuraganti Chetan and Gurrala, Gurunath and Sundaresan, Rajesh},
	booktitle = {Proceedings of the Tenth ACM International Conference on Future Energy Systems},
	organization = {ACM},
	pages = {331--342},
	title = {A Sequential Testing Framework for Identifying a Transmission Line Outage in a Power System},
	year = {2019}}

@techreport{zhao2007survey,
	author = {Zhao, Qing and Swami, Ananthram},
	institution = {California Univ Davis Dept of Electrical and Computer Engineering},
	title = {A survey of dynamic spectrum access: Signal processing and networking perspectives},
	year = {2007}}

@article{krueger2017evidence,
	author = {Krueger, Paul M and van Vugt, Marieke K and Simen, Patrick and Nystrom, Leigh and Holmes, Philip and Cohen, Jonathan D},
	journal = {Journal of neuroscience methods},
	pages = {21--32},
	publisher = {Elsevier},
	title = {Evidence accumulation detected in BOLD signal using slow perceptual decision making},
	volume = {281},
	year = {2017}}

@article{whittle1988restless,
	author = {Whittle, Peter},
	journal = {Journal of applied probability},
	number = {A},
	pages = {287--298},
	publisher = {Cambridge University Press},
	title = {Restless bandits: Activity allocation in a changing world},
	volume = {25},
	year = {1988}}

@book{bremaud2013markov,
	author = {Br{\'e}maud, Pierre},
	publisher = {Springer Science \& Business Media},
	title = {{M}arkov chains: Gibbs fields, Monte Carlo simulation, and queues},
	volume = {31},
	year = {2013}}

@article{Gittins1979,
	author = {Gittins, John C},
	journal = {Journal of the Royal Statistical Society. Series B (Methodological)},
	owner = {Karthik},
	pages = {148--177},
	timestamp = {2018.04.25},
	title = {Bandit processes and dynamic allocation indices},
	year = {1979}}

@article{Moustakides1999,
	author = {Moustakides, George V},
	journal = {Journal of applied probability},
	number = {1},
	owner = {Karthik},
	pages = {48--59},
	timestamp = {2018.04.23},
	title = {Extension of Wald's first lemma to {M}arkov processes},
	volume = {36},
	year = {1999}}


@article{Whittle1988,
	author = {Whittle, Peter},
	journal = {Journal of applied probability},
	number = {A},
	owner = {Karthik},
	pages = {287--298},
	timestamp = {2018.04.19},
	title = {Restless bandits: Activity allocation in a changing world},
	volume = {25},
	year = {1988}}

@article{Chernoff1959,
	author = {Chernoff, Herman},
	journal = {The Annals of Mathematical Statistics},
	number = {3},
	pages = {755--770},
	title = {Sequential design of experiments},
	volume = {30},
	year = {1959}}

@incollection{Robbins1985,
	author = {Robbins, Herbert},
	booktitle = {Herbert Robbins Selected Papers},
	pages = {169--177},
	publisher = {Springer},
	title = {Some aspects of the sequential design of experiments},
	year = {1985}}

@article{auer2002finite,
	author = {Auer, Peter and Cesa-Bianchi, Nicolo and Fischer, Paul},
	journal = {Machine learning},
	number = {2-3},
	pages = {235--256},
	publisher = {Springer},
	title = {Finite-time analysis of the multiarmed bandit problem},
	volume = {47},
	year = {2002}}

@article{gittins1979bandit,
	author = {Gittins, John C},
	journal = {Journal of the Royal Statistical Society. Series B (Methodological)},
	pages = {148--177},
	publisher = {JSTOR},
	title = {Bandit processes and dynamic allocation indices},
	year = {1979}}

@article{prabhu2017optimal,
	author = {Prabhu, Gayathri R and Bhashyam, Srikrishna and Gopalan, Aditya and Sundaresan, Rajesh},
	journal = {arXiv preprint arXiv:1712.03682},
	title = {Optimal Odd Arm Identification with Fixed Confidence},
	year = {2017}}

@article{Bubeck2011,
	acmid = {1960195},
	address = {Essex, UK},
	author = {Bubeck, S{\'e}bastien and Munos, R{\'e}mi and Stoltz, Gilles},
	doi = {10.1016/j.tcs.2010.12.059},
	issn = {0304-3975},
	issue_date = {April, 2011},
	journal = {Theor. Comput. Sci.},
	keywords = {Continuous-armed bandits, Efficient exploration, Multi-armed bandits, Simple regret},
	month = apr,
	number = {19},
	numpages = {21},
	pages = {1832--1852},
	publisher = {Elsevier Science Publishers Ltd.},
	title = {Pure {E}xploration in {F}initely-armed and {C}ontinuous-armed {B}andits},
	url = {http://dx.doi.org/10.1016/j.tcs.2010.12.059},
	volume = {412},
	year = {2011},
	Bdsk-Url-1 = {http://dx.doi.org/10.1016/j.tcs.2010.12.059}}

@inproceedings{naghshvar2013two,
	author = {Naghshvar, Mohammad and Javidi, Tara},
	booktitle = {2013 IEEE International Symposium on Information Theory},
	organization = {IEEE},
	pages = {1262--1266},
	title = {Two-{D}imensional {V}isual {S}earch},
	year = {2013}}

@article{wald1944cumulative,
	title={On cumulative sums of random variables},
	author={Wald, Abraham},
	journal={The Annals of Mathematical Statistics},
	volume={15},
	number={3},
	pages={283--296},
	year={1944},
	publisher={JSTOR}
}


@inproceedings{scarlett2019overlapping,
	title={Overlapping {M}ulti-{B}andit {B}est {A}rm {I}dentification},
	author={Scarlett, Jonathan and Bogunovic, Ilija and Cevher, Volkan},
	booktitle={2019 IEEE International Symposium on Information Theory (ISIT)},
	pages={2544--2548},
	year={2019},
	organization={IEEE}
}

@article{krishnasamy2018augmenting,
	title={Augmenting {M}ax-{W}eight with {E}xplicit {L}earning for {W}ireless {S}cheduling with {S}witching {C}osts},
	author={Krishnasamy, Subhashini and Akhil, PT and Arapostathis, Ari and Sundaresan, Rajesh and Shakkottai, Sanjay},
	journal={IEEE/ACM Transactions on Networking},
	volume={26},
	number={6},
	pages={2501--2514},
	year={2018},
	publisher={IEEE}
}

@inproceedings{vaidhiyan2015active,
	title={Active {S}earch with a {C}ost for {S}witching {A}ctions},
	author={Vaidhiyan, Nidhin Koshy and Sundaresan, Rajesh},
	booktitle={2015 Information Theory and Applications Workshop (ITA)},
	pages={17--24},
	year={2015},
	organization={IEEE}
}

@inproceedings{vaidhiyan2012active,
	title={Active {S}equential {H}ypothesis {T}esting with {A}pplication to a {V}isual {S}earch {P}roblem},
	author={Vaidhiyan, Nidhin Koshy and Arun, SP and Sundaresan, Rajesh},
	booktitle={2012 IEEE International Symposium on Information Theory Proceedings},
	pages={2201--2205},
	year={2012},
	organization={IEEE}
}